@book{adams1995hitchhiker,
  title={The Hitchhiker's Guide to the Galaxy},
  author={Adams, D.},
  isbn={9781417642595},
  url={http://books.google.com/books?id=W-xMPgAACAAJ},
  year={1995},
  publisher={San Val}
}

@Misc{Encryption,
note = {\url{https://en.wikipedia.org/wiki/Encryption}},
title = {Encryption}
}

@article{Symmetric_Encryption,
    title = {Symmetric Key Encryption - why, where and how itâ€™s used in banking},
    author = {Peter Smirnoff, Dawn M. Turner},
    url = {https://www.cryptomathic.com/news-events/blog/symmetric-key-encryption-why-where-and-how-its-used-in-banking},
    year = 2019
}

@article{de2007analysis,
  title={Analysis and design of symmetric encryption algorithms},
  author={De Canni{\`e}re, Christophe},
  journal={Doctoral Dissertaion, KULeuven},
  year={2007}
}

@article{AES,
author = {Abdullah, Ako},
year = {2017},
month = {06},
pages = {},
title = {Advanced Encryption Standard (AES) Algorithm to Encrypt and Decrypt Data}
}

@Inbook{Petitcolas2011,
author="Petitcolas, Fabien A. P.",
editor="van Tilborg, Henk C. A.
and Jajodia, Sushil",
title="Kerckhoffs' Principle",
bookTitle="Encyclopedia of Cryptography and Security",
year="2011",
publisher="Springer US",
address="Boston, MA",
pages="675--675",
isbn="978-1-4419-5906-5",
doi="10.1007/978-1-4419-5906-5_487",
url="https://doi.org/10.1007/978-1-4419-5906-5_487"
}

@article{zeghid2007modified,
  title={A modified AES based algorithm for image encryption},
  author={Zeghid, Medien and Machhout, Mohsen and Khriji, Lazhar and Baganne, Adel and Tourki, Rached and others},
  journal={International Journal of Computer Science and Engineering},
  volume={1},
  number={1},
  pages={70--75},
  year={2007},
  publisher={Citeseer}
}